
@book{Harrer2019,
  title={Doing Meta-Analysis in R: A Hands-on Guide},
  author={Harrer, M. and Cuijpers, P. and Furukawa, T.A. and Ebert, D. D.},
  year={2019},
  publisher={\url{https://bookdown.org/MathiasHarrer/Doing_Meta_Analysis_in_R/}}
}

@misc{RevMan,
  key = {RevMan 5},
  title = {Review Manager (RevMan) },
  howpublished = {\url{https://training.cochrane.org/online-learning/core-software-cochrane-reviews/revman}},
  year={2021},
  note = {Accessed: 2021-01-10}
}

@misc{PROSPERO,
  key = {PROSPERO},
  title = {PROSPERO: International prospective register of systematic reviews},
  howpublished = {\url{https://www.crd.york.ac.uk/prospero/}},
  year={2021},
  note = {Accessed: 2021-01-10}
}

@misc{PRISMA,
  key = {PRISMA},
  title = {Preferred Reporting Items for Systematic Reviews and Meta-Analyses (PRISMA)},
  howpublished = {\url{http://www.prisma-statement.org/}},
  year={2021},
  note = {Accessed: 2021-01-10}
}

@book{Higgins2019,
  title={Cochrane handbook for systematic reviews of interventions},
  author={Higgins, Julian PT and Thomas, James and Chandler, Jacqueline and Cumpston, Miranda and Li, Tianjing and Page, Matthew J and Welch, Vivian A},
  year={2019},
  publisher={John Wiley \& Sons}
}
